<record><leader>00000cas a22000007a 4500</leader><controlfield tag="001">14866847</controlfield><controlfield tag="008">861124d18651866pauwr ne      0    0eng d</controlfield><datafield ind1=" " ind2=" " tag="010"><subfield code="a">sn 86053920 </subfield></datafield><datafield ind1=" " ind2=" " tag="040"><subfield code="a">NPX</subfield><subfield code="b">eng</subfield><subfield code="c">NPX</subfield><subfield code="d">DLC</subfield><subfield code="d">OCLCF</subfield></datafield><datafield ind1="1" ind2=" " tag="029"><subfield code="a">AU@</subfield><subfield code="b">000025797297</subfield></datafield><datafield ind1=" " ind2=" " tag="042"><subfield code="a">msc</subfield></datafield><datafield ind1=" " ind2=" " tag="043"><subfield code="a">n-us-pa</subfield></datafield><datafield ind1="0" ind2="0" tag="050"><subfield code="a">Newspaper 9375-X</subfield></datafield><datafield ind1="0" ind2=" " tag="130"><subfield code="a">Reno times (Reno, Pa.)</subfield></datafield><datafield ind1="1" ind2="0" tag="245"><subfield code="a">Reno times.</subfield></datafield><datafield ind1=" " ind2=" " tag="260"><subfield code="a">Reno, Pa. :</subfield><subfield code="b">[s.n.],</subfield><subfield code="c">1865-</subfield></datafield><datafield ind1=" " ind2=" " tag="300"><subfield code="a">v.</subfield></datafield><datafield ind1=" " ind2=" " tag="310"><subfield code="a">Weekly</subfield></datafield><datafield ind1="0" ind2=" " tag="362"><subfield code="a">Vol. 1, no. 1 (Nov. 30, 1865)-</subfield></datafield><datafield ind1="1" ind2=" " tag="362"><subfield code="a">Ceased in May 1866.</subfield><subfield code="z">Cf. Rossell, G.E.  Pa. newspapers.</subfield></datafield><datafield ind1=" " ind2=" " tag="500"><subfield code="a">Editor: S.D. Page, 1865-1866.</subfield></datafield><datafield ind1=" " ind2="0" tag="651"><subfield code="a">Reno (Pa.)</subfield><subfield code="v">Newspapers.</subfield></datafield><datafield ind1=" " ind2="7" tag="655"><subfield code="a">Newspapers.</subfield><subfield code="2">fast</subfield><subfield code="0">(OCoLC)fst01423814</subfield></datafield><datafield ind1=" " ind2="7" tag="651"><subfield code="a">Pennsylvania</subfield><subfield code="z">Reno.</subfield><subfield code="2">fast</subfield><subfield code="0">(OCoLC)fst01867615</subfield></datafield><datafield ind1=" " ind2=" " tag="752"><subfield code="a">United States</subfield><subfield code="b">Pennsylvania</subfield><subfield code="c">Venango</subfield><subfield code="d">Reno.</subfield></datafield></record>